@Online{itu-431:2015,
	author = {International Telecommunications Union - Radiocommunication Sector},
	title = {Recommendation ITU-R V.431-8. Nomenclature of the frequency and wavelength bands used in telecommunications},
	url = {https://www.itu.int/rec/R-REC-V.431-8-201508-I/en},
	year = {2015},
	urldate = {2018-02-10}
}

@Online{bundesnetzagentur-frequenzplan:2016,
	author = {Bundesnetzagentur},
	title = {Fre足quenz足plan},
	url = {https://www.bundesnetzagentur.de/DE/Sachgebiete/Telekommunikation/Unternehmen_Institutionen/Frequenzen/Grundlagen/Frequenzplan/frequenzplan-node.html},
	year = {2016}
}

@Online{bundesamt-strahlungsschutz:2012,
	author = {Bundesamt f端r Strahlungsschutz},
	title = {Sprach- und Daten端bertragung per Funk: Bluetooth und WLAN},
	url = {https://www.bfs.de/SharedDocs/Downloads/BfS/DE/broschueren/emf/info-bluethooth-und-wlan.pdf?__blob=publicationFile&v=4},
	year = {2012}
}

@book{Kark2006,
	title={Antennen und Strahlungsfelder: Elektromagnetische Wellen auf Leitungen, im Freiraum und ihre Abstrahlung},
	year={2006},
	publisher={Vieweg},
	address={Wiesbaden},
	isbn={978-3-8348-9046-7},
	doi={10.1007/978-3-8348-9046-7},
	url={https://doi.org/10.1007/978-3-8348-9046-7}
}

